% This file was created with JabRef 2.10b2.
% Encoding: UTF8

@Book{daniels,
  Title                    = {Digital Forensics for Legal Professionals},
  Author                   = {Larry Daniel and Lars Daniel},
  Publisher                = {Syngress},
  Year                     = {2011},
  Timestamp                = {2011.09.16}
}

@Misc{nist,
  Title                    = {Forensics Science},
  Author                   = {NIST},
  HowPublished             = {Website},
  Note                     = {\url{https://www.nist.gov/topics/forensic-science}},
}

@Misc{sleuthkit,
  Title                    = {The Sleuth Kit},
  Author                   = {The Sleuth Kit},
  HowPublished             = {Website},
  Note                     = {\url{http://www.sleuthkit.org}},
}

@Misc{autopsy,
  Title                    = {Autopsy},
  Author                   = {The Sleuth Kit},
  HowPublished             = {Website},
  Note                     = {\url{https://www.autopsy.com/}},
}

@Misc{encase,
  Title                    = {EnCase Forensic},
  Author                   = {Guidance Software},
  HowPublished             = {Website},
  Note                     = {\url{https://www.guidancesoftware.com/encase-forensic}},
}

@Misc{ftk,
  Title                    = {Forensics Toolkit},
  Author                   = {Access Data},
  HowPublished             = {Website},
  Note                     = {\url{https://accessdata.com/products-services/forensic-toolkit-ftk}},
}

@Misc{cerberus,
  Title                    = {Cerberus},
  Author                   = {Access Data},
  HowPublished             = {Website},
  Note                     = {\url{https://accessdata.com/products-services/cerberus}},
}

@Misc{nuix,
  Title                    = {Nuix Lab},
  Author                   = {Nuix},
  HowPublished             = {Website},
  Note                     = {\url{https://www.nuix.com/solutions/investigations}},
}

@Misc{elasticsearch,
  Title                    = {Elasticsearch},
  Author                   = {elastic},
  HowPublished             = {Website},
  Note                     = {\url{https://www.elastic.co/products/elasticsearch}},
}

@Misc{cloud,
  Title                    = {Cloud Computing},
  Author                   = {Microsoft},
  HowPublished             = {Website},
  Note                     = {\url{https://azure.microsoft.com/en-in/overview/what-is-cloud-computing/}},
}

@Misc{quarkus,
  Title                    = {Quarkus},
  Author                   = {Quarkus},
  HowPublished             = {Website},
  Note                     = {\url{https://quarkus.io/}},
}

@Misc{react,
  Title                    = {React},
  Author                   = {React},
  HowPublished             = {Website},
  Note                     = {\url{https://reactjs.org/}},
}

@Misc{opensource,
  Title                    = {Open Source},
  Author                   = {Open Source},
  HowPublished             = {Website},
  Note                     = {\url{https://opensource.com/resources/what-open-source}},
}

@Misc{github,
  Title                    = {GitHub},
  Author                   = {Microsoft},
  HowPublished             = {Website},
  Note                     = {\url{https://github.com/}},
}
